@article{ErgezerL14,
  author    = {Halit Ergezer and
               Kemal Leblebicioglu},
  title     = {3D Path Planning for Multiple UAVs for Maximum Information
               Collection},
  journal   = {Journal of Intelligent and Robotic Systems},
  volume    = {73},
  number    = {1-4},
  year      = {2014},
  pages     = {737-762},
  ee        = {http://dx.doi.org/10.1007/s10846-013-9895-6},
  bibsource = {DBLP, http://dblp.uni-trier.de}
}

@article{Sydney14,
    author = {Nitin Sydney and Derek A. Paley and Donald Sofge},
    title = {Physics-Inspired Robotic Motion Planning for Cooperative Bayesian Target Detection},
    year = {2014},
    journal = {RSS}}

@article{Kuhlman14,
    author = {Michael J. Kuhlman and Petr Svec and Krishnanand N. Kaipa and Donald Sofge and Satyandra K. Gupta},
    title = {Physics-Aware Informative Coverage Planning for Autonmous Vehicles},
    year = {2014},
    journal = {ICRA}}

@article{Apker14,
    author = {Thomas Apker and Shih-Yuan Liu and Donald Sofge and J. Karl Hendrick},
    title = {Application of Grazing-Inspired Guidance Laws to Autonomous Information Gathering},
    year = {2014},
    journal = {IROS}}

@article{Low11,
    author = {Kian Hsiang Low and John M. Dolan and Pradeep Khosla},
    title = {Active Markov Information-Theoretic Path Planning for Robotic Environmental Sensing},
    year = {2011},
    journal = {arXiv}}

@article{Huynh,
    author = {Vu Anh Huynh and John J. Enright and Emilio Frazzoli},
    title = {Persistent Patrol with Limited-range On-Board Sensors},
    year = {NOT SURE},
    journal = {NOT SURE}}

@ARTICLE{Yilmaz08,
author={Yilmaz, N.K. and Evangelinos, C. and Lermusiaux, P. F J and Patrikalakis, N.M.},
journal={Oceanic Engineering, IEEE Journal of},
title={Path Planning of Autonomous Underwater Vehicles for Adaptive Sampling Using Mixed Integer Linear Programming},
year={2008},
month={Oct},
volume={33},
number={4},
pages={522-537},
doi={10.1109/JOE.2008.2002105},
ISSN={0364-9059},}

@INPROCEEDINGS{Hover09,
author={Hover, F.S.},
booktitle={Intelligent Robots and Systems, 2009. IROS 2009. IEEE/RSJ International Conference on},
title={Path planning for data assimilation in mobile environmental monitoring systems},
year={2009},
month={Oct},
pages={213-218},
doi={10.1109/IROS.2009.5354367},}

@ARTICLE {Pappas06,
    AUTHOR = { Ali Ahmadzadeh and Gilad Buchman and Peng Cheng and Ali Jadbabaie and Jim Keller and Vijay Kumar and George Pappas },
    TITLE = { Cooperative control of UAVs for Search and Coverage },
    JOURNAL = { Proceedings of the AUVSI Conference on Unmanned Systems },
    YEAR = { 2006 }}

@inproceedings{DBLP:conf/icra/MurphyN11,
  author    = {Liz Murphy and
               Paul Newman},
  title     = {Risky planning: Path planning over costmaps with a probabilistically
               bounded speed-accuracy tradeoff.},
  booktitle = {{IEEE} International Conference on Robotics and Automation, {ICRA}
               2011, Shanghai, China, 9-13 May 2011},
  year      = {2011},
  pages     = {3727--3732},
  crossref  = {DBLP:conf/icra/2011},
  url       = {http://dx.doi.org/10.1109/ICRA.2011.5980124},
  doi       = {10.1109/ICRA.2011.5980124},
  timestamp = {Tue, 26 Aug 2014 01:56:48 +0200},
  biburl    = {http://dblp.uni-trier.de/NEW/rec/bib/conf/icra/MurphyN11},
  bibsource = {dblp computer science bibliography, http://dblp.org}
}

@article{DBLP:journals/cacm/FournierFC82,
  author    = {Alain Fournier and
               Donald S. Fussell and
               Loren C. Carpenter},
  title     = {Computer Rendering of Stochastic Models},
  journal   = {Commun. ACM},
  volume    = {25},
  number    = {6},
  year      = {1982},
  pages     = {371-384},
  ee        = {http://doi.acm.org/10.1145/358523.358553},
  bibsource = {DBLP, http://dblp.uni-trier.de}
}

@proceedings{DBLP:conf/icra/2011,
  title     = {{IEEE} International Conference on Robotics and Automation, {ICRA}
               2011, Shanghai, China, 9-13 May 2011},
  year      = {2011},
  publisher = {{IEEE}},
  timestamp = {Tue, 26 Aug 2014 01:56:48 +0200},
  biburl    = {http://dblp.uni-trier.de/NEW/rec/bib/conf/icra/2011},
  bibsource = {dblp computer science bibliography, http://dblp.org}
}

