@inproceedings{DBLP:conf/icra/MurphyN11,
  author    = {Liz Murphy and
               Paul Newman},
  title     = {Risky planning: Path planning over costmaps with a probabilistically
               bounded speed-accuracy tradeoff.},
  booktitle = {{IEEE} International Conference on Robotics and Automation, {ICRA}
               2011, Shanghai, China, 9-13 May 2011},
  year      = {2011},
  pages     = {3727--3732},
  crossref  = {DBLP:conf/icra/2011},
  url       = {http://dx.doi.org/10.1109/ICRA.2011.5980124},
  doi       = {10.1109/ICRA.2011.5980124},
  timestamp = {Tue, 26 Aug 2014 01:56:48 +0200},
  biburl    = {http://dblp.uni-trier.de/NEW/rec/bib/conf/icra/MurphyN11},
  bibsource = {dblp computer science bibliography, http://dblp.org}
}

@article{DBLP:journals/cacm/FournierFC82,
  author    = {Alain Fournier and
               Donald S. Fussell and
               Loren C. Carpenter},
  title     = {Computer Rendering of Stochastic Models},
  journal   = {Commun. ACM},
  volume    = {25},
  number    = {6},
  year      = {1982},
  pages     = {371-384},
  ee        = {http://doi.acm.org/10.1145/358523.358553},
  bibsource = {DBLP, http://dblp.uni-trier.de}
}

@proceedings{DBLP:conf/icra/2011,
  title     = {{IEEE} International Conference on Robotics and Automation, {ICRA}
               2011, Shanghai, China, 9-13 May 2011},
  year      = {2011},
  publisher = {{IEEE}},
  timestamp = {Tue, 26 Aug 2014 01:56:48 +0200},
  biburl    = {http://dblp.uni-trier.de/NEW/rec/bib/conf/icra/2011},
  bibsource = {dblp computer science bibliography, http://dblp.org}
}

@inproceedings{koenig1994make,
  title={How to make reactive planners risk-sensitive},
  author={Koenig, Sven and Simmons, Reid G},
  booktitle={Proceedings of the International Conference on Artificial Intelligence Planning Systems},
  volume={293298},
  year={1994}
}

@article{beard2006decentralized,
  title={Decentralized cooperative aerial surveillance using fixed-wing miniature UAVs},
  author={Beard, Randal W and McLain, Timothy W and Nelson, Derek B and Kingston, Derek and Johanson, David},
  journal={Proceedings of the IEEE},
  volume={94},
  number={7},
  pages={1306--1324},
  year={2006},
  publisher={IEEE}
}

@inproceedings{hussein2007effective,
  title={Effective coverage control using dynamic sensor networks with flocking and guaranteed collision avoidance},
  author={Hussein, Islam I and Stipanovic, Dusan M},
  booktitle={American Control Conference, 2007. ACC'07},
  pages={3420--3425},
  year={2007},
  organization={IEEE}
}

@incollection{alexis2009coordination,
  title={Coordination of helicopter UAVs for aerial Forest-Fire surveillance},
  author={Alexis, K and Nikolakopoulos, G and Tzes, A and Dritsas, L},
  booktitle={Applications of intelligent control to engineering systems},
  pages={169--193},
  year={2009},
  publisher={Springer}
}

@inproceedings{bethke2009multi,
  title={Multi-UAV persistent surveillance with communication constraints and health management},
  author={Bethke, Brett and How, Jonathan P and Vian, John},
  booktitle={AIAA Guidance, Navigation, and Control Conference (GNC)},
  year={2009}
}

@inproceedings{michael2011persistent,
  title={Persistent surveillance with a team of MAVs},
  author={Michael, Nathan and Stump, Ethan and Mohta, Kartik},
  booktitle={Intelligent Robots and Systems (IROS), 2011 IEEE/RSJ International Conference on},
  pages={2708--2714},
  year={2011},
  organization={IEEE}
}

@inproceedings{stump2011multi,
  title={Multi-robot persistent surveillance planning as a vehicle routing problem},
  author={Stump, Ethan and Michael, Nathan},
  booktitle={Automation Science and Engineering (CASE), 2011 IEEE Conference on},
  pages={569--575},
  year={2011},
  organization={IEEE}
}

@inproceedings{julian2011towards,
  title={Towards a Unifying Information Theoretic Framework for Multi-Robot Exploration and Surveillance},
  author={Julian, Brian J and Angermann, Michael and Frassl, Martin and Lichtenstern, Michael and Rus, Daniela},
  booktitle={Proceedings of the Robotics: Science and Systems VII-Workshop: 3D Exploration, Mapping, and Surveillance with Aerial Robots (RSS 2011)},
  year={2011}
}
